<record><leader>00000cas a2200000 a 4500</leader><controlfield tag="001">18831257</controlfield><controlfield tag="008">881202d198u200udcudn ne      0   k0kor  </controlfield><datafield ind1=" " ind2=" " tag="010"><subfield code="a">sn 88003410 </subfield></datafield><datafield ind1=" " ind2=" " tag="040"><subfield code="a">NSD</subfield><subfield code="b">eng</subfield><subfield code="c">NSD</subfield><subfield code="d">DLC</subfield><subfield code="d">OCLCQ</subfield><subfield code="d">DLC</subfield><subfield code="d">OCLCQ</subfield><subfield code="d">OCLCF</subfield><subfield code="d">OCLCO</subfield></datafield><datafield ind1=" " ind2=" " tag="012"><subfield code="k">1</subfield><subfield code="m">1</subfield></datafield><datafield ind1="1" ind2=" " tag="022"><subfield code="a">1041-7281</subfield><subfield code="l">1041-7281</subfield><subfield code="2">1</subfield></datafield><datafield ind1="1" ind2=" " tag="029"><subfield code="a">AU@</subfield><subfield code="b">000015739033</subfield></datafield><datafield ind1=" " ind2=" " tag="032"><subfield code="a">348370</subfield><subfield code="b">USPS</subfield></datafield><datafield ind1=" " ind2=" " tag="037"><subfield code="b">Korea Times, 6120 Kansas Ave., NW, Washington, DC 20011</subfield></datafield><datafield ind1=" " ind2=" " tag="042"><subfield code="a">nsdp</subfield><subfield code="a">pcc</subfield></datafield><datafield ind1=" " ind2=" " tag="043"><subfield code="a">n-us-dc</subfield></datafield><datafield ind1=" " ind2="0" tag="222"><subfield code="a">Miju Han'guk ilbo</subfield></datafield><datafield ind1="0" ind2="0" tag="245"><subfield code="a">Miju Han'guk ilbo.</subfield></datafield><datafield ind1="3" ind2="1" tag="246"><subfield code="a">Korea times</subfield></datafield><datafield ind1="3" ind2="0" tag="246"><subfield code="a">Han'guk ilbo</subfield></datafield><datafield ind1=" " ind2=" " tag="250"><subfield code="a">[Washington, D.C. ed.].</subfield></datafield><datafield ind1=" " ind2=" " tag="260"><subfield code="a">Washington, D.C. :</subfield><subfield code="b">Korea Times</subfield></datafield><datafield ind1=" " ind2=" " tag="300"><subfield code="a">v.</subfield></datafield><datafield ind1=" " ind2=" " tag="310"><subfield code="a">Daily (except Sundays and holidays)</subfield></datafield><datafield ind1=" " ind2=" " tag="500"><subfield code="a">Includes an English language section called: Korea times.</subfield></datafield><datafield ind1=" " ind2=" " tag="500"><subfield code="a">Issues for &lt;Mar. 13, 1990-&gt; have English title: Korea times.</subfield></datafield><datafield ind1=" " ind2=" " tag="530"><subfield code="a">Also issued on microfilm from the Library of Congress Photoduplication Service.</subfield></datafield><datafield ind1=" " ind2=" " tag="580"><subfield code="a">Issued with a reprint ed. of the Korean original daily: Han'guk ilbo.</subfield></datafield><datafield ind1=" " ind2=" " tag="588"><subfield code="a">Description based on: 1988-ya&#774;n 10-wo&#774;l 5 il.</subfield></datafield><datafield ind1=" " ind2=" " tag="588"><subfield code="a">Latest issue consulted: Che 2313-ho (1990-yo&#774;n 3-wo&#774;l 13-il).</subfield></datafield><datafield ind1=" " ind2="0" tag="650"><subfield code="a">Koreans</subfield><subfield code="z">Washington (D.C.)</subfield><subfield code="v">Newspapers.</subfield></datafield><datafield ind1=" " ind2="0" tag="650"><subfield code="a">Korean Americans</subfield><subfield code="v">Newspapers.</subfield></datafield><datafield ind1=" " ind2="7" tag="655"><subfield code="a">Newspapers.</subfield><subfield code="2">fast</subfield><subfield code="0">(OCoLC)fst01423814</subfield></datafield><datafield ind1=" " ind2="7" tag="650"><subfield code="a">Korean Americans.</subfield><subfield code="2">fast</subfield><subfield code="0">(OCoLC)fst00988587</subfield></datafield><datafield ind1=" " ind2="7" tag="650"><subfield code="a">Koreans.</subfield><subfield code="2">fast</subfield><subfield code="0">(OCoLC)fst00988927</subfield></datafield><datafield ind1=" " ind2="7" tag="651"><subfield code="a">Washington (D.C.)</subfield><subfield code="2">fast</subfield><subfield code="0">(OCoLC)fst01204505</subfield></datafield><datafield ind1="0" ind2=" " tag="730"><subfield code="a">Korea times.</subfield></datafield><datafield ind1=" " ind2=" " tag="752"><subfield code="a">United States</subfield><subfield code="b">District of Columbia</subfield><subfield code="d">Washington.</subfield></datafield><datafield ind1="0" ind2="0" tag="780"><subfield code="t">Han'guk ilbo, Wo&#774;singt'on</subfield><subfield code="x">0883-6647</subfield><subfield code="w">(DLC)sn 85007271</subfield></datafield><datafield ind1="0" ind2="0" tag="785"><subfield code="t">Han'guk ilbo (Washington, D.C.)</subfield><subfield code="w">(DLC)sn2003058045</subfield><subfield code="w">(OCoLC)53147378</subfield></datafield><datafield ind1="1" ind2=" " tag="787"><subfield code="t">Han'guk ilbo</subfield><subfield code="w">(OCoLC)8735498</subfield></datafield></record>